@inproceedings{rosen,
    author = {Rosenthal, S. and Ritter, A. and Nakov, P. and Stoyanov, V.},
    title = {{ SemEval-2014 Task 9: Sentiment Analysis in Twitter}},
    year = {2014}
}

@inproceedings{potts,
    author = {Potts, Christopher },
    title = {{ Sentiment Symposium Tutorial }},
    url = {http://sentiment.christopherpotts.net/lingstruc.html#negation}
}

@inproceedings{pang,
    author = {Pang, Bo and Lee, Lillian 
and Vaithyanathan,  Shivakumar},
    title = {{ Thumbs up? Sentiment Classification using Machine Learning Techniques }},
    year = {2002}
}

@inproceedings{choco,
    author = {Jaggi, Martin and Uzdilli,Fatih and Cieliebak, Mark},
    title = {{ Swiss-Chocolate: Sentiment Detection using Sparse SVMs and Part-Of-Speech n-Grams }},
    year = {2014}
}

@inproceedings{tugas,
    author = { Amir, Silvio and Almeida, Miguel and Martins, Bruno and Filgueiras, Joao and Silva, Mario J.},
    title = {{ TUGAS: Exploiting Unlabelled Data for Twitter Sentiment Analysis }},
    year = {2014}
}

@inproceedings{nrc,
    author = { Mohammad, Saif M. and Kiritchenko, Svetlana and Zhu, Xiaodan },
    title = {{ NRC-Canada: Building the State-of-the-Art in Sentiment Analysis of Tweets }},
    year = {2013},
    url = {http://www.umiacs.umd.edu/~saif/WebPages/Abstracts/NRC-SentimentAnalysis.htm}
}

@inproceedings{ark,
    author = {Bhatia, Archna and Das, Dipanjan and Dyer, Chris and Eisenstein, Jacob and Flanigan, Jeffrey and Gimpel, Kevin and Heilman, Michael and Kong, Lingpeng and Mills, Daniel and O'Connor, Brendan and Owoputi, Olutobi and Schneider, Nathan and Smith, Noah and Swayamdipta, Swabha and Yogatama, Dani},
    title = {{ Tweet NLP }},
    url = {http://www.ark.cs.cmu.edu/TweetNLP/}
}

@inproceedings{nltk,
    author = {Bird, Steven and Klein, Ewan and Loper, Edward},
    title = {{ Natural Language Processing with Python: Analyzing Text with the Natural Language Toolkit, 1st Ed. }},
    year = {2009},
    url = {http://www.nltk.org/book/}
}

@inproceedings{go,
    author = {Go, Alec and Bhayani, Richa and Huang, Lei},
    title = {{ Twitter Sentiment Classification using Distant Supervision }},
    year = {2009}
    url = {cs.stanford.edu/people/alecmgo/papers/TwitterDistantSupervision09.pdf}
}

@inproceedings{scikit,
 title={Scikit-learn: Machine Learning in {P}ython},
 author={Pedregosa, F. and Varoquaux, G. and Gramfort, A. and Michel, V.
         and Thirion, B. and Grisel, O. and Blondel, M. and Prettenhofer, P.
         and Weiss, R. and Dubourg, V. and Vanderplas, J. and Passos, A. and
         Cournapeau, D. and Brucher, M. and Perrot, M. and Duchesnay, E.},
 journal={Journal of Machine Learning Research},
 volume={12},
 pages={2825--2830},
 year={2011}
}